@article{2007stability,
  title   = {Stability Analysis and Design of Impulsive Control Systems With Time Delay},
  author  = {Yang, Zhi Chun and Xu, Dao Yi},
  journal = {IEEE Transactions on Automatic Control},
  volume  = {52},
  number  = {8},
  pages   = {1448-1454},
   month   = {Aug.},
  year    = {2007}
}
@article{MR4275642,
title   = {Stabilization of stochastic complex networks with delays based on completely aperiodically intermittent control},
  author  = {Zhai, Ying and Wang, Peng Fei and Su, Huan},
  journal = {Nonlinear Analysis-Hybrid Systems},
  volume  = {42},
  pages   = {101074},
   month   = {Nov.},
  year    = {2021}

}
@book{1989theory,
  author    = {Lakshmikantham, V. and Bainov, D. D. and Simeonov, P. S.},
  title     = {Theory of Impulsive Differential Equations},
  publisher = {World Scientific},
  year      = {1989}
}
@book{2012graph,
  title     = {Graph theory},
  author    = {Diestel, Reinhard},
  year      = {2012},
  publisher = {Springer}
}
@book{1999small,
  title     = {Small Worlds: the Dynamics of Networks Between Order and Randomness},
  author    = {Watts, Duncan J.},
  year      = {1999},
  publisher = {Princeton University Press}
}
@book{1984chemical,
  title     = {Chemical Oscillations, Waves, and Turbulence},
  author    = {Kuramoto, Yoshiki},
  year      = {1984},
  publisher = {Springer}
}
@article{1999a,
  title   = {Variable-voltage bus concept for aircraft electrical power system},
  author  = {Yeoh, Seang Shen and Rashed, Mohamed and Sanders, Mike and Bozhko, Serhiy},
  journal = {IEEE Transactions on Industrial Electronics},
  volume  = {66},
  number  = {7},
  pages   = {5634-5643},
  month   = {Jul.},
  year    = {2019}
}
@article{2002huygens,
  title   = {{H}uygens's clocks},
  author  = {Bennett, M. and Schatz, M. F. and Rockwood, H. and Wiesenfeld, K.},
  journal = {Proc. R. Soc. A-Math. Phys. Eng. Sci.},
  volume  = {458},
  number  = {2019},
  pages   = {563-579},
  month   = {Mar.},
  year    = {2002}
}
@article{1990synchronization,
  title     = {Synchronization of coupled stochastic complex-valued dynamical networks
with time-varying delays via aperiodically intermittent adaptive control},
  author    = {Wang, Peng Fei and Jin, Wei and Su, Huan },
  journal   = {Chaos},
  volume    = {28},
  pages     = {043114},
   month   = {Apr.},
  year      = {2018},
}
@book{1988synchronization,
  title     = {Synchronization in Science and Technology},
  author    = {Blekhman, I Izrailevich},
  publisher = {ASME Press},
  year      = {1988}
}
@article{1994chua,
  author  = {Chua, Leon. O.},
  year    = {1994},
  month   = {Jan.},
  pages   = {17-158},
  title   = {{C}hua's circuit: an overview ten years later},
  volume  = {4},
  journal = {Journal of Circuits, Systems and Computers}
}
@article{1996synchronizationyin,
  title   = {Synchronization of Chaos in a Modified {C}hua's Circuit Using Continuous Control},
  author  = {Yin, Yuan Zhao},
  journal = {Int. J. Bifurcation Chaos},
  volume  = {6},
  number  = {11},
  pages   = {2101-2117},
  year    = {1996}
}
@inproceedings{2012introduction,
  title        = {An introduction to event-triggered and self-triggered control},
  author       = {Heemels, Wilhelmus PMH and Johansson, Karl Henrik and Tabuada, Paulo},
  booktitle    = {2012 {IEEE} 51st {IEEE} conference on decision and control ({CDC})},
  pages        = {3270-3285},
  year         = {2012},
  organization = {IEEE}
}
@article{2017consensus,
  author  = {Yang, Shasha and Liao, Xiaofeng and Liu, Yanbing and Chen, Xin and Ge, Dingling},
  title   = {Consensus of Delayed Multi-agent Systems via Intermittent Impulsive Control},
  journal = {Asian J. Control},
  volume  = {19},
  number  = {3},
  pages   = {941-950},
  month   = {May},
  year    = {2017}
}
@article{1991continuous,
  title   = {Continuous-time generalized predictive control ({CGPC})},
  author  = {Demircio\v{g}lu, H. and Gawthrop, P. J.},
  journal = {Automatica},
  volume  = {27},
  number  = {1},
  pages   = {55-74},
  year    = {1991}
}
@article{2018review,
  title   = {Lyapunov stability for impulsive systems via event-triggered impulsive control},
  journal = {IEEE Transactions on Automatic Control},
  volume  = {65},
  number  = {11},
  pages   = {4908-4913},
  year    = {2020},
  month={Nov.},
  author  = {Li, Xiao Di and Peng, Dong Xue and Cao, Jin De}
}
@article{2019review,
  author  = {Li, Xiao Di and Song, Shi Ji},
  title   = {Stabilization of delay systems: delay-dependent impulsive control},
  journal = {IEEE Transactions on Automatic Control},
  volume  = {62},
  pages={406-411},
  year    = {2017},
  month={Jan.},
  number  = {1}
}
@article{2021stability,
  title   = {Stability for multi-links stochastic delayed complex networks with semi-{M}arkov jump under hybrid multi-delay impulsive control},
  journal = {Neurocomputing},
  volume  = {449},
  pages   = {214-228},
  year    = {2021},
month={Aug.},
  author  = {Ning Zhang and Huiyu Chen and Wenxue Li}
}
@article{2020stochastic,
  title   = {Stochastic hybrid multi-links networks with mixed delays: stabilisation analysis via aperiodically adaptive intermittent control},
  author  = {Li, Sen and Sun, Hua Dong and Li, Wen Xue},
  journal = {International Journal of Systems Science},
  volume  = {51},
  year    = {2020},
  number  = {5},
  month={Apr.},
  pages   = {852-877}
}
@article{2008stability,
  title   = {Stability analysis of complex networks with multi-links},
  author  = {Yang, Gao and Li, Li Xiang and Peng, Hai Peng and Yang, Yi Xian and Zhang, Xiao Hong},
  journal = {Acta Phys. Sin.},
  volume  = {57},
  number  = {3},
  pages   = {1444-1452},
  month={Mar.},
  year    = {2008}
}
@article{2016intermittent,
  author  = {Zheng, Song},
  title   = {Intermittent impulsive projective synchronization in time-varying delayed dynamical network with variable structures},
  journal = {Complexity},
  volume  = {21},
  number  = {S1},
  pages   = {547-556},
  month={Sep.-Oct.},
  year    = {2016}
}
@article{2009adaptive,
  title   = {Adaptive synchronization of coupled chaotic oscillators},
  author  = {Ravoori, Bhargava and Cohen, Adam B. and Setty, Anurag V. and Sorrentino, Francesco and Murphy, Thomas E. and Ott, Edward and Roy, Rajarshi},
  journal = {Phys. Rev. E},
  volume  = {80},
  pages   = {056205},
  month={Nov.},
  year    = {2009}
}
@article{2021synchronization,
  title   = {Synchronization of Neural Networks via Periodic Self-Triggered Impulsive Control and Its Application in Image Encryption},
  author  = {Tan, Xue Gang and Xiang, Chang Cheng and Cao, Jin De and Xu, Wen Ying and Rutkowski, Leszek},
  journal = {IEEE Transactions on Cybernetics},
 note  = {doi: {10.1109/TCYB.2021.3049858}},
}
@article{2020self,
  title   = {Self-triggered stabilizing controllers for linear continuous-time systems},
  author  = {Zobiri, Fairouz and Meslem, Nacim and Bidegaray-Fesquet, Brigitte},
  journal = {International Journal of Robust and Nonlinear Control},
  volume  = {30},
  number  = {16},
  pages   = {6502-6517},
  month={Nov.},
  year    = {2020}
}
@article{2019sampling,
  title   = {Sampling-based Event-triggered and Self-triggered Control for Linear Systems},
  author  = {Chen, Jun and Fan, Yuan and Zhang, Cheng Xiao and Song, Cheng},
  journal = {International Journal of Control Automation and Systems},
  volume  = {18},
  number  = {3},
  year    = {2020},
  month={Mar.},
  pages   = {672-681}
}
@inproceedings{2018self,
  title     = {Self-Triggered Distributed Optimization for Multi-Agent Systems with Periodic Sampling Schemes},
  author    = {Li, Shu Ling and Ai, Wu and Wu, Jian},
  booktitle = {2018 Chinese Automation Congress (CAC)},
  year      = {2018},
  pages     = {561-566}
}
@article{2010global,
  title   = {Global-stability problem for coupled systems of differential equations on networks},
  journal = {Journal of Differential Equations},
  volume  = {248},
  number  = {1},
  pages   = {1-20},
  year    = {2010},
  month={Jan.},
  author  = {Li, Michael Y. and Shuai, Zhi Sheng }
}
@book{2004levy,
  title     = {{L}\'evy Processes and Stochastic Calculus},
  author    = {Applebaum, David},
  publisher = {Cambridge University Press},
  year      = {2004}
}
@article{2014synchronization,
  title   = {Synchronization of two self-excited double pendula},
  author  = {Koluda, P. and Perlikowski, P. and Czolczynski, Krzysztof and Kapitaniak, T.},
  journal = {Eur. Phys. J.-Spec. Top.},
  volume  = {223},
  number  = {4},
  pages   = {613-629},
month={Apr.},
  year    = {2014}
}
@article{2008synchronization,
  title   = {Synchronization of small oscillations},
  journal = {Automatica},
  year    = {2019},
  volume  = {107},
  pages   = {154-161},
month={Sep.},
  author  = {Tuna, S. Emre}
}
@article{2001the,
  title   = {Synchronization of hindmarsh rose neurons},
  author  = {Malik, S. A. and Mir, A. H. },
  journal = {Neural Network},
  volume  = {123},
  pages   = {372-380},
  month={Mar.},
  year    = {2020}
}
@inproceedings{2005sixth,
  author    = {Zhang, Hong Bing and Xie, Lie Hua and Byun, Joonbum and Flynn, Peter and Shim, Choon},
  booktitle = {Sixth International Conference on Software Engineering, Artificial Intelligence, Networking and Parallel/Distributed Computing and First ACIS International Workshop on Self-Assembling Wireless Network},
  title     = {Packet loss burstiness and enhancement to the {E}-Model},
  year      = {2005},
  pages     = {214-219}
}
@article{2012modelling,
  author  = {House, Thomas},
  title   = {Modelling epidemics on networks},
  journal = {Contemporary Physics},
  volume  = {53},
  number  = {3},
  pages   = {213-225},
   month={Nov.},
  year    = {2012}
}
@article{2013intermittent,
  author  = {Zhang, Hong Tao and Liu, Xin Zhi and Shen, Xue Min (Sherman) and Liu, Jun},
  title   = {Intermittent Impulsive Synchronization of Hyperchaos with Application to Secure Communication},
  journal = {Asian Journal of Control},
  volume  = {15},
  number  = {6},
  pages   = {1686-1699},
   month={Nov.},
  year    = {2013}
}
@article{2021improved,
  title   = {Quasi-synchronization for neural networks with partial constrained state information via intermittent control approach},
  journal = {IEEE Transactions on Cybernetics},
  note    = {doi: {10.1109/TCYB.2021.3049638}},
  author  = {Rao, Hong Xia and Zhao, Li Wei and Xu, Yong and Huang, Zeng Hong and Lu, Ren Quan}
}
@article{2020anti,
  title   = {Intermittent control for quasisynchronization of delayed discrete-time neural networks},
  author  = { Ding, San Bo and Wang, Zhan Shan and Rong, Nan Nan},
  journal = {IEEE Transactions on Cybernetics},
  volume  = {51},
  number={2},
  year    = {2021},
   month={Feb.},
  pages   = {862-873}
}
@article{2021synchronizationxin,
  title   = {Synchronized stationary distribution for stochastic multi-links systems with {M}arkov jump},
  journal = {Nonlinear Anal.-Hybrid Syst.},
  volume  = {40},
  pages   = {101006},
  year    = {2021},
  month={May},
  author  = {Zhao, Xin and Lu, Xi Jing and Zeng, Zhi Jun}
}
@article{2020finite,
  title   = {Finite-Time Synchronization of Multi-Linked Memristor-Based Neural Networks With Mixed Time-Varying Delays},
  author  = {Wang, Shao Fang and Li, Li Xiang and Peng, Hai Peng and Yang, Yi Xian and Zheng, Ming Wen},
  journal = {IEEE Access},
  volume  = {8},
  pages   = {169966-169981},
  year    = {2020}
}
@article{2018stabilization,
  title   = {Stabilization of stochastic complex-valued coupled delayed systems with {M}arkovian switching via periodically intermittent control},
  author  = {Wang, Peng Fei and Hong, Yu and Su, Huan},
  journal = {Nonlinear Analysis-Hybrid Systems},
  volume  = {29},
  pages   = {395-413},
  month={Aug.},
  year    = {2018}
}
@article{2015global,
  title   = {Global stability and synchronization of {M}arkovian switching neural networks with stochastic perturbation and impulsive delay},
  author  = {Zhang, Wei and Li, Chuan Dong and Huang, Ting Wen and Qi, Jiang Tao},
  journal = {Circuits Systems and Signal Processing},
  volume  = {34},
  number  = {8},
  pages   = {2457-2474},
   month={Aug.},
  year    = {2015}
}
@article{2020synchronization,
  author  = {Zhao, Xin and Lu, Xijing and Zeng, Zhijun},
  title   = {Synchronized stationary distribution for stochastic multi-links systems with Markov jump},
  journal = {Nonlinear Analysis-Hybrid Systems},
  volume  = {40},
  pages   = {101006},
   month={May},
  year    = {2021}
}
@article{2020delay,
  title   = {Delay-dependent synchronization of {L}\'evy noise coupled systems with application to {C}hua's circuits},
  journal = {Journal of the Franklin Institute-Engineering and Applied Mathematics},
  volume  = {357},
  number  = {11},
  pages   = {6979-7002},
  year    = {2020},
   month={Jul.},
  author  = {Zhou, Hui and Zhang, Yi and Li, Wen Xue }
}
@article{2019synchronization,
  title   = {Synchronization control between two {C}hua's circuits via capacitive coupling},
  journal = {Appl. Math. Comput.},
  volume  = {360},
  pages   = {94-106},
  year    = {2019},
  author  = {Liu, Zhi Long and Ma, Jun and Zhang, Ge and Zhang, Yin}
}
@inproceedings{2004the,
  title     = {The self triggered task model for real-time control systems},
  author    = {Velasco, Manel and Fuertes, Josep and Marti, Pau},
  booktitle = {Work-in-Progress Session of the 24th IEEE Real-Time Systems Symposium ({RTSS03})},
  volume    = {384},
  year      = {2003}
}
@article{2021global,
  title   = {Global asymptotic stability of fractional-order competitive neural networks with multiple time-varying-delay links},
  journal = {Appl. Math. Comput.},
  volume  = {389},
  pages   = {125498},
  year    = {2021},
  author  = {Xu, Yao and Yu, Jin Tong and Li, Wen Xue and Feng, Ji Qiang}
}
@article{2018synchronization,
  author  = {Mufti, Muhammad Rafiq and Afzal, Humaira and Rehman, Fazal Ur and Butt, Qarab Raza and Qureshi, Muhammad Imran},
  journal = {IEEE Access},
  title   = {Synchronization and Antisynchronization Between Two Non-Identical {C}hua Oscillators via Sliding Mode Control},
  year    = {2018},
  volume  = {6},
  pages   = {45270-45280}
}
@inproceedings{2008global,
  author    = {Chen, Yun and Wu, Xiao Feng and Gui, Zhi Fang},
  booktitle = {2008 27th Chinese Control Conference},
  title     = {Global chaos synchronization for modified {C}hua's circuit systems via linear state error feedback control},
  year      = {2008},
  pages     = {248-251}
}
@article{2021a,
  title   = {A new efficient technique for solving modified {C}hua's circuit model with a new fractional operator},
  author  = {Sen, Mdl and Deniz, S. and Szen, H.},
  journal = {Adv. Differ. Equ.},
  volume  = {2021},
  number  = {1},
  year    = {2021}
}
@article{2020synchronized,
  title   = {Synchronized stationary distribution and synchronization of stochastic coupled networks with {M}arkovian switching via periodically intermittent control},
  journal = {Neurocomputing},
  volume  = {410},
  pages   = {28-40},
  year    = {2020},
  month={Oct.},
  author  = {Liu, Yan and Zhao, Shi Xu and Chu, Dian Hui and Li, Wen Xue}
}
@article{2020aperiodically,
  author  = {Wang, Meng Xin and Zheng, Ru Lin and Feng, Ji Qiang and Qin Si Tian and Li, Wen Xue},
  title   = {Aperiodically intermittent control for exponential bipartite synchronization of delayed signed networks with multi-links},
  journal = {Chaos},
  volume  = {30},
  number  = {3},
  pages   = {033110},
   month={Mar.},
  year    = {2020}
}
@article{2003on,
  title   = {On end-to-end analysis of packet loss},
  journal = {Computer Communications},
  volume  = {26},
  number  = {14},
  pages   = {1693-1697},
  year    = {2003},
  month={Sep.},
  author  = {Raisanen, VI}
}
@article{2021pinning,
  title   = {Pinning synchronization of delayed complex networks under self-triggered control},
  journal = {Journal of the Franklin Institute-Engineering and Applied Mathematics},
  volume  = {358},
  number  = {2},
  pages   = {1599-1618},
  year    = {2021},
   month={Jan.},
  author  = {Zhou, Xiao Tao and Li, Lu Lu and Zhao, Xiao Wen}
}
